<record><leader>00000cas a22000007a 4500</leader><controlfield tag="001">53478877</controlfield><controlfield tag="008">031121c20039999aruwx n       0   a0eng c</controlfield><datafield ind1=" " ind2=" " tag="010"><subfield code="a">  2003214336</subfield></datafield><datafield ind1=" " ind2=" " tag="040"><subfield code="a">NSD</subfield><subfield code="b">eng</subfield><subfield code="c">NSD</subfield><subfield code="d">OCLCQ</subfield></datafield><datafield ind1=" " ind2=" " tag="012"><subfield code="m">1</subfield></datafield><datafield ind1="1" ind2=" " tag="022"><subfield code="a">1547-6162</subfield><subfield code="l">1547-6162</subfield><subfield code="2">1</subfield></datafield><datafield ind1=" " ind2=" " tag="032"><subfield code="a">682420</subfield><subfield code="b">USPS</subfield></datafield><datafield ind1=" " ind2=" " tag="037"><subfield code="b">Wagon Wheel Pub., Inc., P.O. Box 1480, Bald Knob, AR 72010-1480</subfield><subfield code="c">$25.00</subfield></datafield><datafield ind1=" " ind2=" " tag="042"><subfield code="a">nsdp</subfield><subfield code="a">pcc</subfield></datafield><datafield ind1="1" ind2="0" tag="050"><subfield code="a">ISSN RECORD</subfield></datafield><datafield ind1="1" ind2="0" tag="082"><subfield code="a">070</subfield><subfield code="2">13</subfield></datafield><datafield ind1=" " ind2="0" tag="222"><subfield code="a">White County record/Searcy sun</subfield></datafield><datafield ind1="0" ind2="0" tag="245"><subfield code="a">White County record/Searcy sun.</subfield></datafield><datafield ind1="3" ind2="0" tag="246"><subfield code="a">White County record</subfield></datafield><datafield ind1="3" ind2="0" tag="246"><subfield code="a">Searcy sun</subfield></datafield><datafield ind1=" " ind2=" " tag="260"><subfield code="a">Bald Knob, AR :</subfield><subfield code="b">Wagon Wheel Pub.</subfield></datafield><datafield ind1=" " ind2=" " tag="300"><subfield code="a">v.</subfield></datafield><datafield ind1=" " ind2=" " tag="310"><subfield code="a">Weekly except for July 4th and Christmas</subfield></datafield><datafield ind1="1" ind2=" " tag="362"><subfield code="a">Began in 2003.</subfield></datafield><datafield ind1=" " ind2=" " tag="588"><subfield code="a">Description based on: Vol. 138, issue 50 (Nov. 6-12, 2003) (surrogate); title from caption.</subfield></datafield><datafield ind1=" " ind2=" " tag="752"><subfield code="a">United States</subfield><subfield code="b">Arkansas</subfield><subfield code="c">White</subfield><subfield code="d">Judsonia.</subfield></datafield><datafield ind1="0" ind2="0" tag="780"><subfield code="t">White County record (Judsonia, Ark.)</subfield><subfield code="x">8750-5177</subfield><subfield code="w">(DLC)sn 84002111</subfield><subfield code="w">(OCoLC)11484615</subfield></datafield><datafield ind1="1" ind2=" " tag="029"><subfield code="a">AU@</subfield><subfield code="b">000025139907</subfield></datafield></record>